@misc{apa6,
       author = "{Ram Dewani}",
       title = "{APA} 14 Must-Have Skills to Become a Data Scientist (6th Edition)",
       year = "2021",
       note = "See \url{https://www.analyticsvidhya.com/blog/2020/11/14-must-have-skills-
       to-become-a-data-scientist-with-resources/}"}